<?xml version="1.0" encoding="UTF-8"?><collection xmlns="http://www.loc.gov/MARC21/slim"><record><leader>00543nam--2200193-u-4500</leader><controlfield tag="001">000053988</controlfield><controlfield tag="002">20161230</controlfield><controlfield tag="005">20161230201051</controlfield><controlfield tag="008">110727s1000------------r-----000-0-rus-d</controlfield><datafield ind1=" " ind2=" " tag="040"><subfield code="a">IFIN-HH</subfield></datafield><datafield ind1=" " ind2=" " tag="041"><subfield code="a">rus</subfield></datafield><datafield ind1=" " ind2=" " tag="080"><subfield code="a">537.222.22</subfield></datafield><datafield ind1="1" ind2=" " tag="100"><subfield code="a">Gavalesko, N.P</subfield></datafield><datafield ind1="1" ind2="0" tag="245"><subfield code="a">Uzkozonnie poluprovodniki poluceenie i fiziceskie svoistva</subfield><subfield code="c">N.p. gavalesko, p.n. gorlei, v.a. senderovskii</subfield></datafield><datafield ind1=" " ind2=" " tag="260"><subfield code="a">Kiev</subfield><subfield code="b">Naukova Dumka</subfield><subfield code="c">1984</subfield></datafield><datafield ind1=" " ind2=" " tag="300"><subfield code="a">287P</subfield></datafield><datafield ind1="1" ind2=" " tag="700"><subfield code="a">Senderovskii, V.A</subfield></datafield><datafield ind1=" " ind2=" " tag="852"><subfield code="a">72344</subfield><subfield code="c">537.311.33</subfield></datafield><datafield ind1=" " ind2=" " tag="CAT"><subfield code="a">Sys</subfield><subfield code="c">20110727</subfield><subfield code="h">152343</subfield></datafield></record></collection>